<?xml version="1.0" encoding="UTF-8"?><record xmlns="http://www.loc.gov/MARC21/slim" xmlns:cinclude="http://apache.org/cocoon/include/1.0" xmlns:zs="http://www.loc.gov/zing/srw/">
  <leader>00962cz  a2200253n  4500</leader>
  <controlfield tag="001">n  77016520 </controlfield>
  <controlfield tag="003">DLC</controlfield>
  <controlfield tag="005">20150523073742.0</controlfield>
  <controlfield tag="008">771202n| azannaabn          |a aaa      </controlfield>
  <datafield tag="010" ind1=" " ind2=" ">
    <subfield code="a">n  77016520 </subfield>
  </datafield>
  <datafield tag="035" ind1=" " ind2=" ">
    <subfield code="a">(OCoLC)oca00132959</subfield>
  </datafield>
  <datafield tag="040" ind1=" " ind2=" ">
    <subfield code="a">DLC</subfield>
    <subfield code="b">eng</subfield>
    <subfield code="e">rda</subfield>
    <subfield code="c">DLC</subfield>
    <subfield code="d">DLC</subfield>
    <subfield code="d">CU-S</subfield>
  </datafield>
  <datafield tag="046" ind1=" " ind2=" ">
    <subfield code="f">1934</subfield>
  </datafield>
  <datafield tag="100" ind1="1" ind2=" ">
    <subfield code="a">Twomey, Jeremiah John,</subfield>
    <subfield code="d">1934-</subfield>
  </datafield>
  <datafield tag="370" ind1=" " ind2=" ">
    <subfield code="f">Houston (Tex.)</subfield>
    <subfield code="2">naf</subfield>
  </datafield>
  <datafield tag="372" ind1=" " ind2=" ">
    <subfield code="a">Immunopathology</subfield>
    <subfield code="2">lcsh</subfield>
  </datafield>
  <datafield tag="373" ind1=" " ind2=" ">
    <subfield code="a">Baylor College of Medicine</subfield>
    <subfield code="2">naf</subfield>
  </datafield>
  <datafield tag="375" ind1=" " ind2=" ">
    <subfield code="a">male</subfield>
  </datafield>
  <datafield tag="377" ind1=" " ind2=" ">
    <subfield code="a">eng</subfield>
  </datafield>
  <datafield tag="400" ind1="1" ind2=" ">
    <subfield code="a">Twomey, J. J.</subfield>
    <subfield code="q">(Jeremiah John),</subfield>
    <subfield code="d">1934-</subfield>
  </datafield>
  <datafield tag="400" ind1="1" ind2=" ">
    <subfield code="a">Twomey, Jeremiah J.</subfield>
    <subfield code="q">(Jeremiah John),</subfield>
    <subfield code="d">1934-</subfield>
  </datafield>
  <datafield tag="670" ind1=" " ind2=" ">
    <subfield code="a">The Immunopathology of lymphoreticular ... c1978 (a.e.)</subfield>
    <subfield code="b">t.p. (J. J. Twomey, Veterans Admin. Hospital, Houston, Tex.) p. 1 (Jeremiah J. Twomey, Baylor Coll. of Medicine and VA Hosp., Houston)</subfield>
  </datafield>
  <datafield tag="670" ind1=" " ind2=" ">
    <subfield code="a">Amer. med. dir., 1969</subfield>
    <subfield code="b">(Twomey, Jeremiah John, b. 34)</subfield>
  </datafield>
  <datafield tag="670" ind1=" " ind2=" ">
    <subfield code="a">OCLC, May 19, 2015</subfield>
    <subfield code="b">(usage: Jeremiah John Twomey, J.J. Twomey)</subfield>
  </datafield>
</record>